<?xml version="1.0" encoding="UTF-8"?><collection xmlns="http://www.loc.gov/MARC21/slim"><record><leader>00469nam--2200169-i-4500</leader><controlfield tag="001">000044412</controlfield><controlfield tag="002">20161230</controlfield><controlfield tag="005">20161230201044</controlfield><controlfield tag="008">060222s1000------------r-----000-0-eng-d</controlfield><datafield ind1="1" ind2=" " tag="100"><subfield code="a">Treves,Francois</subfield></datafield><datafield ind1="1" ind2="0" tag="245"><subfield code="a">Basic linear partial differential equation</subfield></datafield><datafield ind1=" " ind2=" " tag="260"><subfield code="a">New York, Academic Press, 1975</subfield></datafield><datafield ind1=" " ind2=" " tag="300"><subfield code="a">470 p</subfield></datafield><datafield ind1=" " ind2=" " tag="490"><subfield code="a">Pure and Applied Mathematics</subfield><subfield code="v">vol. 62</subfield></datafield><datafield ind1=" " ind2=" " tag="700"><subfield code="a">Eilenberg,Samuelandbass,Hyman</subfield></datafield><datafield ind1=" " ind2=" " tag="852"><subfield code="a">13669</subfield></datafield><datafield ind1=" " ind2=" " tag="CAT"><subfield code="a">Sys</subfield><subfield code="c">20080401</subfield><subfield code="h">143959</subfield></datafield></record></collection>